<record><leader>00000cas a2200000 a 4500</leader><controlfield tag="001">11892023</controlfield><controlfield tag="008">850408d18831888ksuwr ne      0   a0eng d</controlfield><datafield ind1=" " ind2=" " tag="010"><subfield code="a">sn 85031068 </subfield></datafield><datafield ind1=" " ind2=" " tag="040"><subfield code="a">KSH</subfield><subfield code="b">eng</subfield><subfield code="c">KSH</subfield><subfield code="d">NPT</subfield><subfield code="d">OCL</subfield><subfield code="d">OCLCQ</subfield></datafield><datafield ind1=" " ind2=" " tag="042"><subfield code="a">msc</subfield></datafield><datafield ind1="0" ind2="4" tag="245"><subfield code="a">The Canton carrier.</subfield></datafield><datafield ind1=" " ind2=" " tag="260"><subfield code="a">Canton, Kan. :</subfield><subfield code="b">S. Biddlecomb,</subfield><subfield code="c">-1888.</subfield></datafield><datafield ind1=" " ind2=" " tag="300"><subfield code="a">v. :</subfield><subfield code="b">ill. ;</subfield><subfield code="c">51-63 cm.</subfield></datafield><datafield ind1=" " ind2=" " tag="310"><subfield code="a">Weekly</subfield></datafield><datafield ind1="0" ind2=" " tag="362"><subfield code="a">-v. 6, no. 24 (Aug. 30, 1888).</subfield></datafield><datafield ind1="1" ind2=" " tag="362"><subfield code="a">Began in 1883.</subfield><subfield code="z">Cf. Rowell, 1886.</subfield></datafield><datafield ind1=" " ind2=" " tag="500"><subfield code="a">Published by Geo. C. Findley, June 30, 1887-Aug. 30, 1888.</subfield></datafield><datafield ind1=" " ind2=" " tag="500"><subfield code="a">"Republican."</subfield></datafield><datafield ind1=" " ind2=" " tag="588"><subfield code="a">Description based on: Vol. 3, no. 12 (June 4, 1885).</subfield></datafield><datafield ind1=" " ind2=" " tag="752"><subfield code="a">United States</subfield><subfield code="b">Kansas</subfield><subfield code="c">McPherson</subfield><subfield code="d">Canton.</subfield></datafield><datafield ind1="0" ind2="7" tag="785"><subfield code="t">Windom enterprise (Windom, Kan. : 1886)</subfield><subfield code="w">(DLC)sn 85031120</subfield></datafield><datafield ind1="0" ind2="7" tag="785"><subfield code="t">Our opinion (McPherson, Kan.)</subfield><subfield code="w">(DLC)sn 85031119</subfield></datafield></record>